<record><leader>00000cas a2200000 a 4500</leader><controlfield tag="001">17196016</controlfield><controlfield tag="008">871207d18911959wauwr ne      0    0eng d</controlfield><datafield ind1=" " ind2=" " tag="010"><subfield code="a">sn 87093182 </subfield></datafield><datafield ind1=" " ind2=" " tag="040"><subfield code="a">SLZ</subfield><subfield code="b">eng</subfield><subfield code="c">SLZ</subfield><subfield code="d">NSD</subfield><subfield code="d">OCL</subfield><subfield code="d">OCLCQ</subfield><subfield code="d">OCLCF</subfield><subfield code="d">OCLCO</subfield></datafield><datafield ind1="1" ind2=" " tag="029"><subfield code="a">AU@</subfield><subfield code="b">000025840667</subfield></datafield><datafield ind1=" " ind2=" " tag="042"><subfield code="a">msc</subfield></datafield><datafield ind1=" " ind2=" " tag="043"><subfield code="a">n-us-wa</subfield></datafield><datafield ind1="0" ind2="0" tag="245"><subfield code="a">Island County times.</subfield></datafield><datafield ind1=" " ind2=" " tag="260"><subfield code="a">Coupeville, Wash. :</subfield><subfield code="b">Island County Pub. Co.</subfield></datafield><datafield ind1=" " ind2=" " tag="300"><subfield code="a">v.</subfield></datafield><datafield ind1=" " ind2=" " tag="310"><subfield code="a">Weekly</subfield></datafield><datafield ind1="1" ind2=" " tag="362"><subfield code="a">Began in 1891; ceased in 1959.</subfield></datafield><datafield ind1=" " ind2=" " tag="588"><subfield code="a">Description based on: Vol. 1, no. 23 (Aug. 21, 1891).</subfield></datafield><datafield ind1=" " ind2="0" tag="651"><subfield code="a">Coupeville (Wash.)</subfield><subfield code="v">Newspapers.</subfield></datafield><datafield ind1=" " ind2="7" tag="655"><subfield code="a">Newspapers.</subfield><subfield code="2">fast</subfield><subfield code="0">(OCoLC)fst01423814</subfield></datafield><datafield ind1=" " ind2="7" tag="651"><subfield code="a">Washington (State)</subfield><subfield code="z">Coupeville.</subfield><subfield code="2">fast</subfield><subfield code="0">(OCoLC)fst01246496</subfield></datafield><datafield ind1=" " ind2=" " tag="752"><subfield code="a">United States</subfield><subfield code="b">Washington</subfield><subfield code="c">Island</subfield><subfield code="d">Coupeville.</subfield></datafield><datafield ind1="0" ind2="7" tag="785"><subfield code="t">Oak Harbor news</subfield><subfield code="w">(DLC)sn 87093183</subfield></datafield><datafield ind1="0" ind2="7" tag="785"><subfield code="t">Whidbey news-times</subfield><subfield code="x">1060-7161</subfield><subfield code="w">(DLC)sn 87093184</subfield><subfield code="w">(OCoLC)17196050</subfield></datafield></record>